@InCollection{sep-realism,
  author = {Miller, Alexander},
  title = {{Realism}},
  booktitle = {The Stanford Encyclopedia of Philosophy},
  editor = {Edward N. Zalta},
  howpublished = {\url{https://plato.stanford.edu/archives/win2016/entries/realism/}},
  year = {2016},
  edition = {Winter 2016},
  publisher = {Metaphysics Research Lab, Stanford University},
}


@incollection{niiranen2006,
  address = {Kuopio},
  author = {Niiranen, Vuokko},
  booktitle = {Realismin haaste sosiaalitieteiss{\"{a}}},
  editor = {Niiranen, Vuokko and Kuusela, Pekka},
  pages = {193--218},
  publisher = {Unipress},
  title = {{Johtamisen kausaaliset voimat ja mekanismit}},
  year = {2006},
}


@book{Solr-jykdok.1004015,
  address = {Kuopio},
  publisher = {Unipress},
  title = {{Realismin haaste sosiaalitieteissä}},
  year = {2006},
  author = {Kuusela, Pekka and Niiranen, Vuokko},
}


@book{RefWorks:1045,
  address = {London, Thousand Oaks and New Delhi},
  author = {Pawson, Ray and Tilley, Nick},
  mendeley-groups = {student-realism/kriittinen realismi},
  publisher = {Sage Publications},
  title = {{Realistic Evaluation}},
  year = {1997},
}


@book{Delanda_Harman_2017,
  place = {Cambridge},
  title = {{The Rise of Realism}},
  isbn = {978-1-5095-1902-6},
  publisher = {Polity Press},
  author = {Delanda, Manuel and Harman, Graham},
  year = {2017},
}


@book{Bhaskar_1975,
  place = {London - New York},
  edition = {2.},
  title = {{A Realist Theory of Science}},
  note = {note: First published by Leeds Books Ltd 1975; annote: laitokselle hankkimani kirja},
  publisher = {Verso},
  author = {Bhaskar, Roy},
  year = {1975},
}


@book{Mantysaari_1991,
  place = {Tampere},
  title = {{Sosiaalibyrokratia asiakkaiden valvojana. Byrokratiatyö, sosiaalinen kontrolli ja tarpeitten sääntely sosiaalitoimistoissa. English Summary.}},
  number = {51},
  publisher = {Vastapaino},
  author = {Mäntysaari, Mikko},
  year = {1991},
}


@book{Mäntysaari_1991,
  place = {Tampere},
  title = {{Sosiaalibyrokratia asiakkaiden valvojana. Byrokratiatyö, sosiaalinen kontrolli ja tarpeitten sääntely sosiaalitoimistoissa. English Summary.}},
  number = {51},
  publisher = {Vastapaino},
  author = {Mäntysaari, Mikko},
  year = {1991},
}
